
@incollection{monien_alphabeta-algorithmus_2008,
	address = {Berlin, Heidelberg},
	title = {Der {Alphabeta}-{Algorithmus} für {Spielbäume}: {Wie} bringe ich meinen {Computer} zum {Schachspielen}?},
	isbn = {978-3-540-76394-9},
	shorttitle = {Der {Alphabeta}-{Algorithmus} für {Spielbäume}},
	url = {https://doi.org/10.1007/978-3-540-76394-9_28},
	abstract = {Schon seit langer Zeit sind die Menschen von der Idee begeistert, Maschinen Gesellschaftsspiele spielen zu lassen. Unermüdlich sollen sie sein, aber auch spielstark, damit es nicht so schnell langweilig wird. Besonders das Schachspiel scheint hierbei magische Anziehungskraft zu besitzen.},
	language = {de},
	urldate = {2025-01-10},
	booktitle = {Taschenbuch der {Algorithmen}},
	publisher = {Springer},
	author = {Monien, Burkhard and Lorenz, Ulf and Warner, Daniel},
	editor = {Vöcking, Berthold and Alt, Helmut and Dietzfelbinger, Martin and Reischuk, Rüdiger and Scheideler, Christian and Vollmer, Heribert and Wagner, Dorothea},
	year = {2008},
	doi = {10.1007/978-3-540-76394-9_28},
	pages = {285--294},
}
