% Encoding: UTF-8

@Book{Breiing.1997,
  author    = {Breiing, A. and Knosala, R.},
  publisher = {Springer Berlin Heidelberg},
  title     = {Bewerten technischer Systeme: Theoretische und methodische Grundlagen bewertungstechnischer Entscheidungshilfen},
  year      = {1997},
  isbn      = {9783642592294},
  series    = {Springer eBook Collection Computer Science and Engineering},
  abstract  = {Es gehört zu den Aufgaben des Ingenieurs, gesellschaftliche, individuelle, ökonomische und ökologische Risiken der von ihm zu entwickelnden technischen Systeme und Verfahren zu bewerten. Dieses Buch zeigt Wege auf, durch mathematisch logische Denkweisen objektive Bewertungsergebnisse zu erzielen, ohne dabei den Menschen als wichtigsten Einflußfaktor außer acht zu lassen. Es behandelt Entscheidungsprobleme geringeren bis größeren Umfangs und zeigt, welche bewährten Methoden zu welchem Entscheidungsniveau in wirtschaftlich vertretbarem Verhältnis stehen. Aus der Perspektive ihrer jahrelangen Erfahrung in Wissenschaft und Industrie beschreiben die Autoren die wichtigen und praxiserprobten Bewertungsmethoden und deren theoretische Hintergründe},
  doi       = {10.1007/978-3-642-59229-4},
  keywords  = {Engineering},
}


