% Encoding: UTF-8

@Book{Hasbro.2020,
  author    = {Hasbro, SA},
  publisher = {Hasbro Gaming},
  title     = {Das Originale 4Gewinnt Anleitung},
  year      = {2020},
  abstract  = {Spielanleitung f√ºr 4Gewinnt},
  keywords  = {Anleitung},
}

