
@incollection{krusenotto_anwendungsbeispiel_2016,
	address = {Wiesbaden},
	title = {Anwendungsbeispiel 3: {Vier} {Gewinnt}},
	isbn = {978-3-658-13743-4 978-3-658-13744-1},
	shorttitle = {Anwendungsbeispiel 3},
	url = {http://link.springer.com/10.1007/978-3-658-13744-1_10},
	language = {de},
	urldate = {2025-01-10},
	booktitle = {Funktionale {Programmierung} und {Metaprogrammierung}},
	publisher = {Springer Fachmedien Wiesbaden},
	author = {Krusenotto, Patrick M.},
	collaborator = {Krusenotto, Patrick M.},
	year = {2016},
	doi = {10.1007/978-3-658-13744-1_10},
	pages = {125--161},
}
