% Encoding: UTF-8

@Book{Breiing.1997,
  author    = {Breiing, A. and Knosala, R.},
  publisher = {Springer Berlin Heidelberg},
  title     = {Bewerten technischer Systeme: Theoretische und methodische Grundlagen bewertungstechnischer Entscheidungshilfen},
  year      = {1997},
  isbn      = {9783642592294},
  series    = {Springer eBook Collection Computer Science and Engineering},
  abstract  = {Es gehört zu den Aufgaben des Ingenieurs, gesellschaftliche, individuelle, ökonomische und ökologische Risiken der von ihm zu entwickelnden technischen Systeme und Verfahren zu bewerten. Dieses Buch zeigt Wege auf, durch mathematisch logische Denkweisen objektive Bewertungsergebnisse zu erzielen, ohne dabei den Menschen als wichtigsten Einflußfaktor außer acht zu lassen. Es behandelt Entscheidungsprobleme geringeren bis größeren Umfangs und zeigt, welche bewährten Methoden zu welchem Entscheidungsniveau in wirtschaftlich vertretbarem Verhältnis stehen. Aus der Perspektive ihrer jahrelangen Erfahrung in Wissenschaft und Industrie beschreiben die Autoren die wichtigen und praxiserprobten Bewertungsmethoden und deren theoretische Hintergründe},
  doi       = {10.1007/978-3-642-59229-4},
  keywords  = {Engineering},
}

@Book{Cohn.2010,
  author    = {Cohn, Mike},
  publisher = {mitp},
  title     = {{User stories: für die agile Software-Entwicklung mit Scrum, XP u.a.}},
  year      = {2010},
  edition   = {1. Aufl.},
  isbn      = {9783826658983},
  file      = {http://deposit.dnb.de/cgi-bin/dokserv?id=3406518&prov=M&dok_var=1&dok_ext=htm},
  keywords  = {Agile Softwareentwicklung;Systementwicklung},
  price     = {kart. : EUR 34.95},
}

@Book{Lindenlauf.2022,
  author    = {Lindenlauf, Frank},
  publisher = {{Springer Fachmedien Wiesbaden} and {Imprint Springer Spektrum}},
  title     = {{Wissenschaftliche Arbeiten in den Ingenieur- und Naturwissenschaften: Ein praxisorientierter Leitfaden für Semester- und Abschlussarbeiten}},
  year      = {2022},
  edition   = {1st ed. 2022},
  isbn      = {9783658367367},
  abstract  = {Aufbau einer Thesis -- Wissenschaftliches Schreiben -- Formeln, Tabellen, Abbildungen -- Messen, Bewerten, Experimentieren -- Das Projekt »Thesis« -- Software-Werkzeuge.

Zum wissenschaftlichen Arbeiten gibt es sehr viel Literatur. Nahezu jede Hochschule macht Vorgaben für Abschlussarbeiten. Trotzdem finden sich oft Defizite in den Punkten, die speziell bei ingenieur- und naturwissenschaftlichen Texten zu beachten sind: bei Abbildungen, Diagrammen, Tabellen, Formelzeichen und Formelsatz, Größen und Einheiten. Der Leitfaden stellt diese Aspekte ins Zentrum. Darüber hinaus zeigt er, wie Technische Regeln als Primärquellen dienen und Sie die Belastbarkeit Ihrer Quellen und die Güte der Arbeit selbst bewerten können. Tipps zur Struktur und zum Schreiben der Arbeit, zum Vorgehen im Projekt »Thesis«, zu hilfreicher Software und möglichen Stolpersteinen runden den Ratgeber ab. Der Inhalt Aufbau einer Thesis Wissenschaftliches Schreiben Diagramme, Tabellen, Formeln Das Projekt »Thesis« Software-Werkzeuge Die Zielgruppen Studierende aller ingenieur- und naturwissenschaftlichen Studiengänge Ingenieure, Naturwissenschaftler und alle, die technische Sachverhalte vermitteln möchten Der Autor Frank Lindenlauf ist Professor für Technische Qualitätssicherung und Prozessgestaltung an der Hochschule Pforzheim im Bereich Wirtschaftsingenieurwesen. Als promovierter Physiker arbeitete er in der Laserentwicklung und im Maschinenbau als Verantwortlicher für Qualität und Messtechnik.},
  doi       = {10.1007/978-3-658-36736-7},
  keywords  = {Dissertations, academic;Physics—Study and teaching;Research—Methodology},
}

@Book{Martin.2020,
  author      = {Martin, Robert},
  publisher   = {mitp-Verlag and Safari},
  title       = {{Clean Agile -- Die Essenz der agilen Softwareentwicklung}},
  year        = {2020},
  edition     = {1st edition},
  abstract    = {Lernen Sie aus Uncle Bobs jahrzehntelanger Erfahrung, worauf es bei der agilen Softwareentwicklung wirklich ankommt Die ursprünglichen agilen Werte und Prinzipien kurz und prägnant für den Praxiseinsatz erläutert Von den unternehmerischen Aspekten über die Kommunikation im Team bis zu den technischen Praktiken wie Test-Driven Development (TDD), einfaches Design und Pair Programming Fast 20 Jahre nach der Veröffentlichung des agilen Manifests ruft der legendäre Softwareentwickler Robert C. Martin (»Uncle Bob«) dazu auf, sich wieder auf die ursprünglichen Werte und Prinzipien zurückzubesinnen, die den eigentlichen Kern der agilen Softwareentwicklung ausmachen und die für die Praxis von zentraler Bedeutung sind. Mit Clean Agile lässt er alle an seiner jahrzehntelangen Erfahrung teilhaben und räumt mit Missverständnissen und Fehlinterpretationen auf, die im Laufe der Jahre entstanden sind. Dabei wendet er sich gleichermaßen an Programmierer und Nicht-Programmierer. Uncle Bob macht deutlich, was agile Softwareentwicklung eigentlich ist, war und immer sein sollte: ein einfaches Konzept, das kleinen Softwareteams hilft, kleine Projekte zu managen - denn daraus setzen sich letztendlich alle großen Projekte zusammen. Dabei konzentriert er sich insbesondere auf die Praktiken des Extreme Programmings (XP), ohne sich in technischen Details zu verlieren. Egal, ob Sie Entwickler, Tester, Projektmanager oder Auftraggeber sind - dieses Buch zeigt Ihnen, worauf es bei der Umsetzung agiler Methoden wirklich ankommt. Aus dem Inhalt: Ursprünge der agilen Softwareentwicklung Agile Werte und Prinzipien Der richtige Einsatz von Scrum Agile Transformation Extreme Programming Unternehmensbezogene Praktiken: User Stories, Velocity, kleine Releases und Akzeptanztests Teambezogene Praktiken: gemeinsame Eigentümerschaft, kontinuierliche Integration und Stand-up-Meetings Technische Praktiken: TDD, Refactoring, einfaches Design und Pair Programming Zertifizierung und Coaching Software Craftsmanship Stimmen zum Buch: »Bobs Frustration spiegelt sich in jedem Satz des Buchs wider - und das zu Recht. Der Zustand, in dem sich die Welt der agilen Softwareentwicklung befindet, ist nichts im Vergleich zu dem, was sie eigentlich sein könnte. Das Buch beschreibt, auf was man sich aus Bobs Sicht konzentrieren sollte, um das zu erreichen, was sein könnte. Und er hat es schon erreicht, deshalb lohnt es sich, ihm zuzuhören.« - Kent Beck »Uncle Bob ist einer der klügsten Menschen, die ich...},
  institution = {{Safari, an O'Reilly Media Company}},
  keywords    = {Electronic books},
  url         = {https://learning.oreilly.com/library/view/-/9783747501139/?ar},
}

@Book{Pohl.2021,
  author      = {Pohl, Klaus and Rupp, Chris},
  publisher   = {{dpunkt Verlag}},
  title       = {{Basiswissen Requirements Engineering: Aus- und Weiterbildung nach IREB-Standard zum Certified Professional for Requirements Engineering Foundation Level}},
  year        = {2021},
  edition     = {5., überarbeitete und aktualisierte Auflage},
  isbn        = {9783864908149},
  file        = {http://deposit.dnb.de/cgi-bin/dokserv?id=69d694dfa26943f0ba9fd267ce2dcb42&prov=M&dok_var=1&dok_ext=htm},
  institution = {Dpunkt.Verlag},
  keywords    = {Anforderungsmanagement;Certified Professional for Requirements Engineering;Certified Professional Requirements Engineer;CPRE;IREB;Projektmangement;Requirements Engineering;Requirements Management;Software Engineering;Software- und Systementwicklung;Softwareentwicklung},
  price       = {Festeinband : EUR 29.90 (DE), circa EUR 30.80 (AT)},
}

@Book{Sandberg.2013,
  author    = {Sandberg, Berit},
  publisher = {Oldenbourg},
  title     = {{Wissenschaftlich Arbeiten von Abbildung bis Zitat: Lehr- und Übungsbuch für Bachelor Master und Promotion}},
  year      = {2013},
  edition   = {2., aktualisierte Aufl.},
  isbn      = {3486741861},
  abstract  = {A review of the scientific method, including its use for preparing academic papers},
  file      = {https://swbplus.bsz-bw.de/bsz384889921inh.htm},
  keywords  = {Academic writing;Authorship;Dissertations, academic;Lehrbuch;Methodology;Science;Studium;Technical writing;Wissenschaftliches Arbeiten;Wissenschaftliches Manuskript},
  price     = {Pb. : EUR 19.80 (DE), EUR 20.40 (AT), sfr 28.50 (freier Pr.)},
  url       = {http://deposit.d-nb.de/cgi-bin/dokserv?id=4341154&prov=M&dok_var=1&dok_ext=htm},
}

@Book{Schlosser.2021,
  author      = {Schlosser, Joachim},
  publisher   = {{mitp Verlag} and Safari},
  title       = {{Wissenschaftliche Arbeiten schreiben mit LaTeX - Leitfaden für Einsteiger, 7. Auflage}},
  year        = {2021},
  edition     = {7th edition},
  isbn        = {9783747504482},
  abstract    = {Schnell zur fertig gesetzten Arbeit – ohne Vorkenntnisse Lösungsorientierte und verständliche Beschreibungen Von Tabellen und Formeln über Grafiken bis zum Literaturverzeichnis Das professionelle Setzen von Texten mit LaTeX ist in vielen akademischen Disziplinen Standard. Besitzen Sie keine Vorkenntnisse und wollen sich in kurzer Zeit in LaTeX einarbeiten, um Ihre Arbeit zu verfassen, wird Ihnen dieses Buch eine wertvolle Hilfe sein. Speziell für diese Aufgabe konzipiert, vermittelt es Ihnen genau das praxisorientierte Wissen, das Sie benötigen – ohne überflüssigen Ballast. Anhand vieler Beispiele lernen Sie alles, was Sie brauchen, um eine formvollendete wissenschaftliche Arbeit mit LaTeX zu erstellen. Dank dieses »Last-Minute-LaTeX-Buches« können Sie auch ohne Vorkenntnisse eine gut gesetzte wissenschaftliche Arbeit erstellen. Schritt für Schritt wird die Installation beschrieben ebenso wie das Erstellen und Einfügen von Tabellen, Formeln, Abbildungen, Fußnoten, des Literaturverzeichnisses mit biblatex etc. Neben weiteren Themen wie PDF-Erstellung und Druckoptimierung schließt das Buch mit einem umfassenden Kapitel zum Troubleshooting. Das Buch ist von Anfang bis Ende praxisorientiert und enthält zahlreiche Beispiele, die die Anwendung von LaTeX veranschaulichen. Aus dem Inhalt: Installation und Konfiguration Gliederungsbefehle Textformatierung und Strukturierung Aufzählungen und Nummerierungen Querverweise Fußnoten Satzspiegel und Layout Tabellen erstellen, formatieren und einfügen Grafiken erstellen und einfügen Mathematische Gleichungen erstellen und einfügen Kopf- und Fußzeilen Literatur zitieren und verwalten mit biblatex Inhalts-, Abbildungs-, Tabellen-, Literaturverzeichnis, Index und Glossar erstellen Längere Arbeiten aufsetzen Schriften wählen – jetzt auch mit TeX Gyre PDF erstellen und Arbeit drucken Fehlersuche},
  institution = {{Safari, an O’Reilly Media Company}},
  keywords    = {Electronic books},
  url         = {https://learning.oreilly.com/library/view/-/9783747504482/?ar},
}

@Book{Schluter.2023,
  author      = {Schlüter, Nadine},
  publisher   = {{Springer Berlin Heidelberg}},
  title       = {{Generic Systems Engineering: Ein methodischer Ansatz zur Komplexitätsbewältigung}},
  year        = {2023},
  edition     = {3. Auflage 2023},
  isbn        = {9783662667897},
  doi         = {10.1007/978-3-662-66789-7},
  file        = {https://nbn-resolving.org/urn:nbn:de:101:1-2023061404375271739390},
  institution = {{Springer-Verlag GmbH}},
  keywords    = {Anforderungsdefinition;Deutschland;Komplexität;Komplexitätsmanagement;Mechatronik;Methodenworkflow;Produktentwicklung;Produktlebenszyklus;Projektmanagement;Qualitätsmanagement;Qualitätssicherung;Systemdesign;Systems Engineering;Systemtechnik;Verbraucherzufriedenheit},
}

@Book{Wirdemann.2022,
  author      = {Wirdemann, Ralf and Ritscher, Astrid and Mainusch, Johannes},
  publisher   = {Hanser},
  title       = {{Scrum mit User Stories}},
  year        = {2022},
  edition     = {4., überarbeitete und erweiterte Auflage},
  isbn        = {9783446474383},
  series      = {{Hanser eLibrary}},
  abstract    = {- Erfahren Sie, wie Sie Anforderungen im Sinne des Kunden mit Hilfe von User Stories beschreiben und im Product Backlog verwalten. - Lesen Sie, wie User Stories den Flow eines Scrum-Projekts steuern und das Team bei der Entwicklung werthaltiger Software leiten. - Lernen Sie, wie Sie die Geschäftsregeln einer User Story als Akzeptanztests beschreiben und so die Basis für akzeptanzgetriebene Entwicklung schaffen. - Erlernen Sie die Anwendung von Story Maps als neue Methode zur ganzheitlichen Anforderungsanalyse. - Lernen Sie, wie Sie Scrum in mobilen Arbeitsumgebungen einführen und dem Team über die ersten Hürden hinweghelfen. - Ihr exklusiver Vorteil: E-Book inside beim Kauf des gedruckten Buches Scrum als Framework für die Agile Softwareentwicklung erfreut sich zunehmender Beliebtheit. Kombiniert mit User Stories wird daraus ein unschlagbares Doppel. Scrum definiert mit Hilfe einfacher Regeln und klarer Verantwortlichkeiten einen Rahmen für agile Softwareprojekte. User Stories beschreiben Anforderungen aus Sicht des Anwendenden und liefern einen greifbaren Mehrwert. Dieses Buch erklärt die Grundlagen beider Konzepte und beschreibt, wie Sie User Stories in die Elemente und Abläufe von Scrum einbinden. Angefangen vom Schreiben und Priorisieren eines User-Story-basierten Product Backlog bis hin zur User-Story-getriebenen Sprint- und Releaseplanung lernen Sie alles, was für den erfolgreichen Einsatz von User Stories in Ihrem Scrum-Projekt wichtig ist. Das neue Kapitel „Mobiles Arbeiten“ beschäftigt sich mit den Anforderungen und Möglichkeiten des agilen Arbeitens in mobilen Kontexten. Es beschreibt unsere Erfahrungen beim Arbeiten mit mobilen Scrum-Teams und liefert Tipps und Ideen für das Führen solcher Teams. „Egal, ob man Scrum und User Stories einsetzt oder nicht: Mit diesem Buch lernt wohl jeder noch etwas dazu.“ Steffen Gemkow, ObjectFab AUS DEM INHALT // - Einführung - Beispiel: Scrumcoaches.com - Die Grundlagen von Scrum - User Stories - Agiles Schätzen - Agiles Planen - User Stories für das Product Backlog - User Story Mapping - Sprint-Planung - Sprint-Durchführung - User Stories Akzeptanztesten - Sprint-Retrospektive - Agile Releaseplanung - Mobiles Arbeiten - Verticals – SCRUM@OTTO - Glossar

Ralf Wirdemann ist erfahrener Software-Coach mit dem Schwerpunkt agile Softwareentwicklung. Er hat Scrum bereits in einer Reihe von Projekten eingeführt. Er ist Autor zahlreicher Fachartikel und gefragter Sprecher auf Konferenzen.},
  doi         = {10.3139/9783446474383},
  institution = {{Carl Hanser Verlag}},
  keywords    = {Agile Softwareentwicklung;Projektmanagement;Projektorganisation;Scrum},
  url         = {https://www.hanser-elibrary.com/doi/book/10.3139/9783446474383},
}

@Book{Zangemeister.2014,
  author    = {Zangemeister, Christof},
  publisher = {{Zangemeister {\&} Partner}},
  title     = {{Nutzwertanalyse in der Systemtechnik: Eine Methodik zur multidimensionalen Bewertung und Auswahl von Projektalternativen}},
  year      = {2014},
  edition   = {5. Auflage 2014 (erweitert)},
  isbn      = {9783923264001},
  file      = {http://d-nb.info/1080185801/04},
  keywords  = {Nutzwertanalyse},
  price     = {Gb. : EUR 68.00},
}

@Misc{DHBW.2021,
  author = {{Duale Hochschule Baden-Württemberg, Fachkommission Technik}},
  month  = oct,
  title  = {{Leitlinien für die Bearbeitung und Dokumentation der Module Praxisprojekt I bis III, Studienarbeit I / II, Bachelorarbeit}},
  year   = {2021},
  url    = {https://www.ravensburg.dhbw.de/fileadmin/user_upload/Dokumente/Dokumente_fuer_Studierende/191212_Leitlinien_Praxismodule_Studien_Bachelorarbeiten.pdf},
}

@Comment{jabref-meta: databaseType:bibtex;}
