@bachelorsthesis{energy_responsiveness2023,
	title        = {Investiating Energy Consumption and Responsiveness of low power modes in MicroPython for STM32WB55},
	author       = {Samefors,Albin and Sundman, Felix},
	school       = {Jönköping University, School of Engineering},
	year         = {2023},
	type         = {Bachelor's thesis},
	examiner     = {Jerôme Landré},
	supervisor   = {Peter Larsson-Green},
	address      = {Jönköping, Sweden},
	month        = {June},
	note         = {15 hp (first-cycle education)},
	url          = {https://www.diva-portal.org/smash/get/diva2:1778426/FULLTEXT01.pdf}
}

@article{Plauska2023,
	author    = {Ignas Plauska and Agnius Liutkevi{\v{c}}ius and Audron{\.e} Janavi{\v{c}}i{\=u}t\.e},
	title     = {Performance Evaluation of C/C++, MicroPython, Rust and TinyGo Programming Languages on ESP32 Microcontroller},
	journal   = {Electronics},
	year      = {2023},
	volume    = {12},
	number    = {1},
	pages     = {143},
	doi       = {10.3390/electronics12010143},
	url       = {https://www.mdpi.com/2079-9292/12/1/143},
	publisher = {MDPI},
	note      = {Open Access Article distributed under the terms and conditions of the Creative Commons Attribution (CC BY) license}
}

@book{bell2024micropython,
	author    = {Charles A. Bell},
	title     = {MicroPython for the Internet of Things: A Beginner’s Guide to Programming with Python on Microcontrollers},
	year      = {2024},
	edition   = {2nd},
	publisher = {Apress},
	address   = {Berkeley, CA},
	isbn      = {9781484298619},
	language  = {English}
}

@Book{Hasbro.2020,
	author    = {Hasbro, SA},
	publisher = {Hasbro Gaming},
	title     = {Das Originale 4Gewinnt Anleitung},
	year      = {2020},
	abstract  = {Spielanleitung für 4Gewinnt},
	keywords  = {Anleitung}
}

@misc{lego2020techniclargehub,
	author       = {{LEGO Education}},
	title        = {Technical Specifications: Technic Large Hub},
	year         = {2020},
	howpublished = {\url{https://assets.education.lego.com/v3/assets/blt293eea581807678a/bltf512a371e82f6420/5f8801baf4f4cf0fa39d2feb/techspecs_techniclargehub.pdf?locale=en-us}},
	note         = {Zugriff am 03.07.2025}
}

@misc{lego2020colorsensor,
	author       = {{LEGO Education}},
	title        = {Technical Specifications: Technic Color Sensor},
	year         = {2020},
	howpublished = {\url{https://assets.education.lego.com/v3/assets/blt293eea581807678a/blt62a78c227edef070/5f8801b9a302dc0d859a732b/techspecs_techniccolorsensor.pdf?locale=en-us}},
	note         = {Accessed: 2025-07-04}
}

@online{betzold2025colorsensor,
	author       = {{Betzold GmbH}},
	title        = {LEGO Education SPIKE Technic Farbsensor},
	year         = {2025},
	url          = {https://www.betzold.de/prod/E_761144/},
	note         = {Zugriff am 04.07.2025}
}

@online{legoeducation2020spikesensors,
	author       = {{LEGO Education Community}},
	title        = {Exploring SPIKE™ Prime Sensors},
	year         = {2020},
	url          = {https://community.legoeducation.com/blogs/31/220},
	note         = {Accessed: 2025-07-04}
}

@techreport{adorf2009alphabeta,
	author    = {Julius Adorf},
	title     = {Adversariale Suche für optimales Spiel: Der Minimax-Algorithmus und die Alpha-Beta-Suche},
	institution = {Technische Universität München, Fakultät für Informatik, Forschungs- und Lehreinheit Informatik IX},
	type      = {Proseminararbeit},
	address   = {München},
	year      = {2009},
	note      = {Betreuer: Lars Kunze, Dominik Jain. Abgabetermin: 2. Dezember 2009},
	url       = {https://www.juliusadorf.com/pub/alphabeta-seminar-paper.pdf}
}

@misc{wikimediaABpruning,
	author    = {User:Bob Mellish},
	title     = {Alpha-beta pruning},
	year      = {2007},
	howpublished = {\url{https://upload.wikimedia.org/wikipedia/commons/thumb/9/91/AB_pruning.svg/500px-AB_pruning.svg.png}},
	note      = {Wikimedia Commons, abgerufen am 5. Juli 2025},
}