
@book{holler_einfuhrung_2019,
	address = {Berlin, Heidelberg},
	title = {Einführung in die {Spieltheorie}},
	copyright = {http://www.springer.com/tdm},
	isbn = {978-3-642-31962-4 978-3-642-31963-1},
	url = {http://link.springer.com/10.1007/978-3-642-31963-1},
	language = {de},
	urldate = {2025-01-08},
	publisher = {Springer Berlin Heidelberg},
	author = {Holler, Manfred J. and Illing, Gerhard and Napel, Stefan},
	year = {2019},
	doi = {10.1007/978-3-642-31963-1},
	file = {PDF:/Users/sg99/Zotero/storage/UDTTXD5J/Holler et al. - 2019 - Einführung in die Spieltheorie.pdf:application/pdf},
}
