% Encoding: UTF-8
@book{Tipler.2019,
 year = {2019},
 title = {Physik: Für Studierende der Naturwissenschaften und Technik},
 price = {Festeinband : circa EUR 79.99 (DE), circa EUR 82.23 (AT), circa CHF 88.50 (freier Preis)},
 keywords = {Atomphysik;Elektrodynamik;Experimentalphysik;Mechanik;Moderne Physik;Optik;Physik;Physik für Nebenfächer;Physik für Wissenschaftler und Ingenieure;Physikaufgaben;Quantenmechanik;Thermodynamik;Tipler Lehrbuch;Übungsaufgaben Physik},
 address = {Berlin},
 edition = {8., korrigierte und erweiterte Auflage},
 publisher = {{Springer Spektrum}},
 isbn = {9783662582800},
 series = {Lehrbuch},
 editor = {Tipler, Paul Allen and Mosca, Gene and Kersten, Peter and Wagner, Jenny},
 file = {http://deposit.dnb.de/cgi-bin/dokserv?id=0e33b53c361f404abbb03e209248e1cb&prov=M&dok_var=1&dok_ext=htm},
 file = {http://d-nb.info/1172616485},
 file = {http://www.springer.com/},
 file = {https://d-nb.info/1172616485/04}
}

@phdthesis{Ziegler.2017,
 author = {Ziegler, Julius},
 year = {2017},
 title = {Optimale Trajektorienplanung für Automobile},
 url = {http://dx.doi.org/10.5445/KSP/1000056530},
 keywords = {advanced driver assistance systems;Arbeitsraum;Autonomes Fahren;autonomous driving;Einrad;Fahrerassistenzsysteme;Fahrstreifen;Fahrzeug;Fahrzeugregelung;Kraftwagen;robotics;Robotik;trajectory planning;Trajektorienplanung;vehicle control;Verkehrsraum},
 address = {Karlsruhe},
 school = {{KIT Scientific Publishing} and {Karlsruher Institut für Technologie}},
 type = {Dissertation},
 file = {http://deposit.dnb.de/cgi-bin/dokserv?id=bb8c03ad6f534c378dacba2a108e586d&prov=M&dok_var=1&dok_ext=htm},
 file = {http://www.ksp.kit.edu/},
 file = {https://d-nb.info/1139329820/34},
 file = {https://dx.doi.org/10.5445/KSP/1000056530},
 file = {https://nbn-resolving.org/urn:nbn:de:0072-565300}
}

@incollection{krusenotto_anwendungsbeispiel_2016,
	address = {Wiesbaden},
	title = {Anwendungsbeispiel 3: {Vier} {Gewinnt}},
	isbn = {978-3-658-13743-4 978-3-658-13744-1},
	shorttitle = {Anwendungsbeispiel 3},
	url = {http://link.springer.com/10.1007/978-3-658-13744-1_10},
	language = {de},
	urldate = {2025-01-10},
	booktitle = {Funktionale {Programmierung} und {Metaprogrammierung}},
	publisher = {Springer Fachmedien Wiesbaden},
	author = {Krusenotto, Patrick M.},
	collaborator = {Krusenotto, Patrick M.},
	year = {2016},
	doi = {10.1007/978-3-658-13744-1_10},
	pages = {125--161},
}

@incollection{monien_alphabeta-algorithmus_2008,
	address = {Berlin, Heidelberg},
	title = {Der {Alphabeta}-{Algorithmus} für {Spielbäume}: {Wie} bringe ich meinen {Computer} zum {Schachspielen}?},
	isbn = {978-3-540-76394-9},
	shorttitle = {Der {Alphabeta}-{Algorithmus} für {Spielbäume}},
	url = {https://doi.org/10.1007/978-3-540-76394-9_28},
	abstract = {Schon seit langer Zeit sind die Menschen von der Idee begeistert, Maschinen Gesellschaftsspiele spielen zu lassen. Unermüdlich sollen sie sein, aber auch spielstark, damit es nicht so schnell langweilig wird. Besonders das Schachspiel scheint hierbei magische Anziehungskraft zu besitzen.},
	language = {de},
	urldate = {2025-01-10},
	booktitle = {Taschenbuch der {Algorithmen}},
	publisher = {Springer},
	author = {Monien, Burkhard and Lorenz, Ulf and Warner, Daniel},
	editor = {Vöcking, Berthold and Alt, Helmut and Dietzfelbinger, Martin and Reischuk, Rüdiger and Scheideler, Christian and Vollmer, Heribert and Wagner, Dorothea},
	year = {2008},
	doi = {10.1007/978-3-540-76394-9_28},
	pages = {285--294},
}

@incollection{krusenotto_anwendungsbeispiel_2016,
	address = {Wiesbaden},
	title = {Anwendungsbeispiel 3: {Vier} {Gewinnt}},
	isbn = {978-3-658-13743-4 978-3-658-13744-1},
	shorttitle = {Anwendungsbeispiel 3},
	url = {http://link.springer.com/10.1007/978-3-658-13744-1_10},
	language = {de},
	urldate = {2025-01-10},
	booktitle = {Funktionale {Programmierung} und {Metaprogrammierung}},
	publisher = {Springer Fachmedien Wiesbaden},
	author = {Krusenotto, Patrick M.},
	collaborator = {Krusenotto, Patrick M.},
	year = {2016},
	doi = {10.1007/978-3-658-13744-1_10},
	pages = {125--161},
}

@book{holler_einfuhrung_2019,
	address = {Berlin, Heidelberg},
	title = {Einführung in die {Spieltheorie}},
	copyright = {http://www.springer.com/tdm},
	isbn = {978-3-642-31962-4 978-3-642-31963-1},
	url = {http://link.springer.com/10.1007/978-3-642-31963-1},
	language = {de},
	urldate = {2025-01-08},
	publisher = {Springer Berlin Heidelberg},
	author = {Holler, Manfred J. and Illing, Gerhard and Napel, Stefan},
	year = {2019},
	doi = {10.1007/978-3-642-31963-1},
	file = {PDF:/Users/sg99/Zotero/storage/UDTTXD5J/Holler et al. - 2019 - Einführung in die Spieltheorie.pdf:application/pdf},
}

@incollection{monien_alphabeta-algorithmus_2008,
	address = {Berlin, Heidelberg},
	title = {Der {Alphabeta}-{Algorithmus} für {Spielbäume}: {Wie} bringe ich meinen {Computer} zum {Schachspielen}?},
	isbn = {978-3-540-76394-9},
	shorttitle = {Der {Alphabeta}-{Algorithmus} für {Spielbäume}},
	url = {https://doi.org/10.1007/978-3-540-76394-9_28},
	abstract = {Schon seit langer Zeit sind die Menschen von der Idee begeistert, Maschinen Gesellschaftsspiele spielen zu lassen. Unermüdlich sollen sie sein, aber auch spielstark, damit es nicht so schnell langweilig wird. Besonders das Schachspiel scheint hierbei magische Anziehungskraft zu besitzen.},
	language = {de},
	urldate = {2025-01-10},
	booktitle = {Taschenbuch der {Algorithmen}},
	publisher = {Springer},
	author = {Monien, Burkhard and Lorenz, Ulf and Warner, Daniel},
	editor = {Vöcking, Berthold and Alt, Helmut and Dietzfelbinger, Martin and Reischuk, Rüdiger and Scheideler, Christian and Vollmer, Heribert and Wagner, Dorothea},
	year = {2008},
	doi = {10.1007/978-3-540-76394-9_28},
	pages = {285--294},
}