% Encoding: UTF-8

@Book{Hasbro.2020,
  author    = {Hasbro, SA},
  publisher = {Hasbro Gaming},
  title     = {Das Originale 4Gewinnt Anleitung},
  year      = {2020},
  abstract  = {Spielanleitung für 4Gewinnt},
  keywords  = {Anleitung}
}

@techreport{ruile2009viergewinnt,
	title={Vier Gewinnt},
	author={Ruile, Benjamin and Wei{\ss}, Bernhard and Ditsche, Mathias and Schmidt, Nicolas},
	year={2009},
	institution={Ludwig-Maximilians-Universität München},
	type={Vorlesung Spieltheorie},
	url={https://www.mathematik.uni-muenchen.de/~spielth/artikel/VierGewinnt.pdf}
}

@article{mueller_2011,
	title = {Seminararbeitaus dem Fach	Mathematik},
	language = {de},
	author = {Markus Müller},
	year = {2011},
	url =
 {https://www.edu.sot.tum.de/fileadmin/w00bed/edu/Schuelerkonferenz/Seminararbeiten_2012/mueller_markus_2012.pdf},
	urldate = {2024-12-18}
}

@misc{gameorama_4gewinnt,
	title = {4 Gewinnt},
	author = {{Gameorama}},
	year = {2025},
	url = {https://www.gameorama.ch/de/museum/spielmuseum/timeline/gewinnt},
	note = {Spielmuseum Timeline},
	organization = {Gameorama},
	language = {german},
	urldate = {2025-01-01}
}

@misc{wikipedia_vier_gewinnt,
	title = {Vier gewinnt},
	author = {{Wikipedia-Autoren}},
	year = {2025},
	url = {https://de.wikipedia.org/wiki/Vier_gewinnt},
	note = {Online; abgerufen am 1. Januar 2025},
	organization = {Wikipedia, Die freie Enzyklopädie},
	language = {german}
}

@misc{50plus_vier_gewinnt,
	title = {Vier Gewinnt - Online Spiele},
	author = {{50PLUS}},
	year = {2025},
	url = {https://www.50plus.de/spiele/vier-gewinnt.html},
	note = {Online; abgerufen am 1. Januar 2025},
	organization = {50PLUS},
	language = {german}
}

@misc{abebooks_image,
	title = {Bild MD30859713347},
	author = {{AbeBooks}},
	year = {2025},
	url = {https://pictures.abebooks.com/inventory/md/md30859713347.jpg},
	note = {Online; abgerufen am 1. Januar 2025},
	organization = {AbeBooks},
	type = {Image}
}

@online{fasterCapital2024,
	author = {FasterCapital},
	title = {Den Code knacken: Rückwärtsinduktion und Payoff-Matrix-Analyse},
	year = {2024},
	url = {https://fastercapital.com/de/inhalt/Den-Code-knacken--Rueckwaertsinduktion-und-Payoff-Matrix-Analyse.html},
	urldate = {2025-01-05},
	language = {german},
	organization = {FasterCapital}
}

@online{gabler_normalform,
	author = {Dr. Markus Siepermann},
	title = {Normalform},
	url = {https://wirtschaftslexikon.gabler.de/definition/normalform-39481},
	urldate = {2025-01-08},
	language = {german},
	organization = {SpringerGabler}
}

@thesis{thill2012reinforcement,
	author       = {Thill, Markus},
	title        = {Reinforcement Learning mit N-Tupel-Systemen für Vier Gewinnt},
	type         = {Bachelor's Thesis},
	institution  = {Technische Hochschule Köln},
	year         = {2012},
	month        = {June},
	address      = {Gummersbach},
	url          = {https://www.gm.th-koeln.de/~konen/research/PaperPDF/Bachelorarbeit%20Thill-2012.pdf}
}

@techreport{yokota2022exploration,
	author      = {Yokota, Justin and Garcia Ed., Dan  and James Demmel Ed., James },
	title       = {High Efficiency Computation of Game Tree Exploration in Connect 4},
	institution = {Electrical Engineering and Computer Sciences, University of California, Berkeley},
	year        = {2022},
	number      = {UCB/EECS-2022-219},
	month       = {August},
	url         = {https://www2.eecs.berkeley.edu/Pubs/TechRpts/2022/EECS-2022-219.pdf}
}

@online{vandewiele2017,
	author = {Vandewiele, Gilles},
	title = {Creating the (nearly) perfect connect-four bot with limited move time and file size},
	year = {2017},
	url = {https://towardsdatascience.com/creating-the-perfect-connect-four-ai-bot-c165115557b0},
	urldate = {2025-01-09},
	journal = {Towards Data Science},
	note = {Accessed: 2025-01-09}
}

@thesis{einsiedler2014spieltheorie,
	author       = {Einsiedler, Johanna},
	title        = {Spieltheorie: Bimatrixspiele und deren praktische Anwendung},
	type         = {Fachbereichsarbeit},
	institution  = {Mary Ward Privatgymnasium und Oberstufenrealgymnasium St. Pölten},
	year         = {2014},
	address      = {St. Pölten},
	url          = {https://www.oemg.ac.at/Mathe-Brief/fba2014/Spieltheorie_Einsiedler.pdf}
}

@online{cornell2015connect,
	author = {Cornell University},
	title = {Solving Connect Four with Game Theory},
	year = {2015},
	url = {https://blogs.cornell.edu/info2040/2015/09/21/solving-connect-four-with-game-theory/},
	urldate = {2025-01-10},
	organization = {Cornell University},
	type = {Blog post},
	note = {Accessed on 10 January 2025}
}

@online{Cahn2024,
	author = {Cahn, Lauren},
	title = {How to Win Connect 4 Every Time, According to the Computer Scientist Who Solved It},
	year = {2024},
	url = {https://www.rd.com/article/how-to-win-connect-4/},
	urldate = {2025-01-10},
	publisher = {Reader's Digest},
	type = {Online Article}
}

@online{Chen2024,
	author = {Chen, James},
	title = {Nash Equilibrium: What It Is, How It Works, Example, Limitations},
	year = {2024},
	url = {https://www.investopedia.com/terms/n/nash-equilibrium.asp},
	urldate = {2025-01-10},
	publisher = {Investopedia},
	type = {Online Article}

}

@misc{lego_spike_prime_2023,
	title        = {LEGO Education SPIKE Prime Set},
	author       = {{LEGO Group}},
	year         = {2023},
	url          = {https://www.lego.com/de-de/product/lego-education-spike-prime-set-45678},
	note         = {Abgerufen am 2023-10-01}
}

@misc{Winter2019,
	title        = {Grundzüge der Spieltheorie},
	author       = {Stefan Winter},
	year         = {2019},
	publisher = {Springer},
	note         = {Abgerufen am 2025-01-10}
}

@misc{Wikipedia:Minimax,
	author       = {{Wikipedia contributors}},
	title        = {Minimax-Algorithmus},
	year         = {2023},
	url          = {https://de.wikipedia.org/wiki/Minimax-Algorithmus},
	note         = {[Online; abgerufen am 30. Oktober 2023]},
	howpublished = {\url{https://de.wikipedia.org/wiki/Minimax-Algorithmus}}
}

@misc{Wikipedia:AlphaBeta,
	author       = {Wikipedia},
	title        = {Alpha-Beta-Suche},
	year         = {2023},
	howpublished = {\url{https://de.wikipedia.org/wiki/Alpha-Beta-Suche}},
	note         = {Zugriff am 20. Oktober 2023}
}


}

@misc{lego_spike_prime_2023,
	title        = {LEGO Education SPIKE Prime Set},
	author       = {{LEGO Group}},
	year         = {2023},
	url          = {https://www.lego.com/de-de/product/lego-education-spike-prime-set-45678},
	note         = {Abgerufen am 2023-10-01}
}

@misc{Winter2019,
title        = {Grundzüge der Spieltheorie},
author       = {Stefan Winter},
year         = {2019},
publisher = {Springer},
note         = {Abgerufen am 2025-01-10}
}

@misc{Wikipedia:Minimax,
	author       = {{Wikipedia contributors}},
	title        = {Minimax-Algorithmus},
	year         = {2023},
	url          = {https://de.wikipedia.org/wiki/Minimax-Algorithmus},
	note         = {[Online; abgerufen am 30. Oktober 2023]},
	howpublished = {\url{https://de.wikipedia.org/wiki/Minimax-Algorithmus}}
}

@misc{Wikipedia:AlphaBeta,
	author       = {Wikipedia},
	title        = {Alpha-Beta-Suche},
	year         = {2023},
	howpublished = {\url{https://de.wikipedia.org/wiki/Alpha-Beta-Suche}},
	note         = {Zugriff am 20. Oktober 2023}
}