
@misc{noauthor_vier_nodate,
	title = {Vier gewinnt {Löser}},
	url = {https://connect4.gamesolver.org/de/},
	abstract = {Beste Lösung für das 4 gewinnt Spiel:{\textless}ul{\textgreater}{\textless}li{\textgreater}Finde den besten Zug{\textless}/li{\textgreater}{\textless}li{\textgreater}Spiele gegen eine unschlagbare K.I.{\textless}/li{\textgreater}{\textless}/ul{\textgreater}},
	language = {de},
	urldate = {2024-10-22},
	journal = {Game Solver},
	file = {Snapshot:C\:\\Users\\patri\\Zotero\\storage\\AB4E3ARI\\de.html:text/html}
}

@misc{noauthor_notitle_nodate,
	url = {https://www.google.com/url?sa=t&source=web&rct=j&opi=89978449&url=https://journals.ub.ovgu.de/index.php/LEGO/article/download/551/526&ved=2ahUKEwi0kOHbxqKJAxW2gv0HHUt_KBoQFnoECBoQAQ&usg=AOvVaw3KlJ1ZC3vaAYHWnNlpv1vL},
	urldate = {2024-10-22},
	file = {526&ved=2ahUKEwi0kOHbxqKJAxW2gv0HHUt_KBoQFnoECBoQAQ&usg=AOvVaw3KlJ1ZC3vaAYHWnNlpv1vL:C\:\\Users\\patri\\Zotero\\storage\\GBZX9R6S\\url.html:text/html;PDF:C\:\\Users\\patri\\Zotero\\storage\\BDF4I2RC\\_.pdf:application/pdf},
}

@article{ruile_ws_nodate,
	title = {{WS} 08/09 {Prof}. {Martin} {Schottenloher}},
	language = {de},
	author = {Ruile, Benjamin and Weiß, Bernhard and Ditsche, Mathias and Schmidt, Nicolas},
	file = {PDF:C\:\\Users\\patri\\Zotero\\storage\\RJ36R298\\Ruile et al. - WS 0809 Prof. Martin Schottenloher.pdf:application/pdf}
}

@incollection{panitz_vier_2011,
	address = {Wiesbaden},
	title = {Vier {Gewinnt} {Turnier}},
	isbn = {978-3-8348-9931-6},
	url = {https://doi.org/10.1007/978-3-8348-9931-6_12},
	abstract = {Ein Reiz von Strategiespielen für zwei Personen besteht darin, gegeneinander zu spielen, um sich gegenseitig im Wettstreit zu messen. Ebenso reizvoll ist es, zwei Agenten für ein bestimmtes Spiel gegeneinander antreten zu lassen und ihre Spielstärke zu messen. In diesem Kapitel soll ein einfacher Rahmen geschaffen werden, um Agenten für das Spiel Vier Gewinnt gegeneinander in einem Turnier antreten zu lassen.},
	language = {de},
	urldate = {2024-10-22},
	booktitle = {Java will nur spielen: {Programmieren} lernen mit {Spaß} und {Kreativität}},
	publisher = {Vieweg+Teubner Verlag},
	author = {Panitz, Sven Eric},
	editor = {Panitz, Sven Eric},
	year = {2011},
	doi = {10.1007/978-3-8348-9931-6_12},
	pages = {237--265},
	file = {PDF:C\:\\Users\\patri\\Zotero\\storage\\TNDW2VL9\\Panitz - 2011 - Vier Gewinnt Turnier.pdf:application/pdf}
}

@incollection{krusenotto_anwendungsbeispiel_2016,
	address = {Wiesbaden},
	title = {Anwendungsbeispiel 3: {Vier} {Gewinnt}},
	isbn = {978-3-658-13744-1},
	shorttitle = {Anwendungsbeispiel 3},
	url = {https://doi.org/10.1007/978-3-658-13744-1_10},
	abstract = {Vier Gewinnt ist ein kurzweiliges Zwei-Personen Spiel, bestehend aus einem vertikalen Gitter der Breite 7 und der Höhe 6. Die Kontrahenden werfen abwechselnd ihre Spielsteine von oben in eine der sieben Spalten. Wer dabei vier Steine in eine Reihe bekommt (horizontal, vertikal oder diagonal) hat die Partie gewonnen. Dieses Kapitel befasst sich mit strategischen Zwei-Personen-Spielen und damit, wie rein funktional und rekursiv – das heißt schleifenfrei – der Minimax-Algorithmus in COMMON LISP implementiert werden kann, sodass COMMON LISP ein sehr ernst zu nehmender Gegner wird.},
	language = {de},
	urldate = {2024-10-22},
	booktitle = {Funktionale {Programmierung} und {Metaprogrammierung}: {Interaktiv} in {Common} {Lisp}},
	publisher = {Springer Fachmedien},
	author = {Krusenotto, Patrick M.},
	editor = {Krusenotto, Patrick M.},
	year = {2016},
	doi = {10.1007/978-3-658-13744-1_10},
	pages = {125--161},
	file = {PDF:C\:\\Users\\patri\\Zotero\\storage\\FSLJ6H8A\\Krusenotto - 2016 - Anwendungsbeispiel 3 Vier Gewinnt.pdf:application/pdf}
}

@article{ruile_ws_nodate-1,
	title = {{WS} 08/09 {Prof}. {Martin} {Schottenloher}},
	language = {de},
	author = {Ruile, Benjamin and Weiß, Bernhard and Ditsche, Mathias and Schmidt, Nicolas},
	file = {PDF:C\:\\Users\\patri\\Zotero\\storage\\P8QPWRUL\\Ruile et al. - WS 0809 Prof. Martin Schottenloher.pdf:application/pdf;VierGewinnt.pdf:C\:\\Users\\patri\\Zotero\\storage\\4C9BJBCE\\VierGewinnt.pdf:application/pdf},
}

@book{holler_einfuhrung_2019,
	address = {Berlin},
	edition = {8. Auflage},
	series = {Lehrbuch},
	title = {Einführung in die {Spieltheorie}},
	isbn = {978-3-642-31962-4},
	url = {http://deposit.dnb.de/cgi-bin/dokserv?id=5314105&prov=M&dok_var=1&dok_ext=htm},
	language = {ger},
	publisher = {Springer Gabler},
	author = {Holler, Manfred J.},
	editor = {Illing, Gerhard and Napel, Stefan},
	year = {2019},
	annote = {Literaturverzeichnis: Seite 443-461},
}

@book{ortmanns_entscheidungs-_2023,
	title = {Entscheidungs- und {Spieltheorie}},
	isbn = {978-3-89644-282-6},
	url = {https://elibrary.duncker-humblot.com/book/62784/entscheidungs-und-spieltheorie},
	abstract = {Ein Forum für die Wissenschaft seit 1798.},
	language = {en},
	urldate = {2024-10-14},
	publisher = {DUNCKER UND HUMBLOT},
	author = {Ortmanns, Wolfgang},
	month = {mar},
	year = {2023},
	doi = {10.3790/978-3-89644-282-6},
	note = {Pages: 1-108}
}

@article{gopfert_lego_2019,
	title = {Lego {Mindstorms} {Vier}-{Gewinnt}-{Roboter}},
	volume = {2},
	copyright = {Copyright (c) 2019 LEGO-Praktikum. Entwickeln, programmieren, optimieren : Berichte der Studierenden zum Projektseminar Elektrotechnik/Informationstechnik},
	issn = {2629-6160},
	url = {https://journals.ub.ovgu.de/index.php/LEGO/article/view/945},
	doi = {10.24352/UB.OVGU-2019-040},
	abstract = {In diesem Paper wird die Entwicklung eines Roboters mit LEGO Mindstorms beschrieben, welcher autonom Vier Gewinnt gegen einen menschlichen Gegner spielen kann. Daf¨ur wurde aufbauend auf der mathematischen Spieltheorie ein einfacher Spielalgorithmus implementiert. Die Spielfelderkennung wurde weiterhin durch die Verwendung einer Webcam automatisiert.},
	language = {de},
	urldate = {2024-10-14},
	journal = {LEGO-Praktikum. Entwickeln, programmieren, optimieren : Berichte der Studierenden zum Projektseminar Elektrotechnik/Informationstechnik},
	author = {Göpfert, Robert},
	month = {aug},
	year = {2019},
	keywords = {Robotik, K¨ünstliche Intelligenz, Minimax-Algorithmus, Projektseminar, Spieltheorie, Vier Gewinnt},
	pages = {18--21},
	file = {Full Text PDF:C\:\\Users\\patri\\Zotero\\storage\\3T27Q882\\Göpfert - 2019 - Lego Mindstorms Vier-Gewinnt-Roboter.pdf:application/pdf}
}

@book{kaffka_lego-roboter_2021,
	edition = {1},
	title = {{LEGO}�-{Roboter} bauen, steuern und programmieren mit {Raspberry} {Pi} und {Python}},
	isbn = {978-3-7475-0311-9},
	url = {https://content-select.com/de/portal/media/view/615aaf25-d63c-4935-83f2-15c9b0dd2d03},
	language = {ger},
	publisher = {mitp-Verlag},
	author = {Kaffka, Thomas},
	year = {2021},
	keywords = {brickpi, Buch, elektronik, EV3, KI, LEGO, Maker, programmieren lernen, Python, Raspberry Pi, Roboter, rpi, Sensoren, Technik}
}

@misc{noauthor_4gewinnt_nodate,
	title = {4gewinnt – {Das} deutschsprachige {Scratch}-{Wiki}},
	url = {https://de.scratch-wiki.info/wiki/4gewinnt},
	urldate = {2024-12-24},
	file = {4gewinnt – Das deutschsprachige Scratch-Wiki:C\:\\Users\\patri\\Zotero\\storage\\QVI5RQ6T\\4gewinnt.html:text/html}
}
